<record xmlns="http://www.loc.gov/MARC21/slim" xmlns:xsi="http://www.w3.org/2001/XMLSchema-instance" xsi:schemaLocation="http://www.loc.gov/MARC21/slim http://www.loc.gov/standards/marcxml/schema/MARC21slim.xsd">

  <leader>00405nam a2200145Ia 4500</leader>
  <datafield ind2=" " tag="999" ind1=" ">
    <subfield code="c">1434</subfield>
    <subfield code="d">1434</subfield>
  </datafield>
  <controlfield tag="008">171003b2005    c  ||||| |||| 00| | spa d</controlfield>
  <datafield ind2=" " tag="090" ind1=" ">
    <subfield code="a">06.02.01 </subfield>
    <subfield code="b">1255</subfield>
  </datafield>
  <datafield ind2=" " tag="100" ind1="1">
    <subfield code="a">Brooke, Nigel</subfield>
    <subfield code="9">3216</subfield>
  </datafield>
  <datafield ind2="0" ind1="1" tag="245">
    <subfield code="a">Accountability educacional en Brasil. Una visión general / </subfield>
    <subfield code="c">Nigel Brooke</subfield>
  </datafield>
  <datafield ind1=" " tag="260" ind2=" ">
    <subfield code="a">Chile: </subfield>
    <subfield code="b">PREAL, </subfield>
    <subfield code="c">2005</subfield>
  </datafield>
  <datafield tag="300" ind1=" " ind2=" ">
    <subfield code="a">23 páginas</subfield>
  </datafield>
  <datafield tag="490" ind1=" " ind2=" ">
    <subfield code="a">Documentos no.34</subfield>
  </datafield>
  <datafield ind2="4" tag="650" ind1="1">
    <subfield code="a">EVALUACIÓN DE LA EDUCACIÓN</subfield>
    <subfield code="9">308</subfield>
  </datafield>
  <datafield ind2="4" ind1="1" tag="650">
    <subfield code="a">EDUCACION BASICA</subfield>
    <subfield code="9">2224</subfield>
  </datafield>
  <datafield ind2="4" ind1=" " tag="651">
    <subfield code="9">1242</subfield>
    <subfield code="a">BRASIL</subfield>
  </datafield>
  <datafield ind1=" " tag="942" ind2=" ">
    <subfield code="2">z</subfield>
    <subfield code="c">01</subfield>
  </datafield>
</record>